<?xml version='1.0' encoding='utf-8'?>
<record xmlns="http://www.loc.gov/MARC21/slim" xmlns:xsi="http://www.w3.org/2001/XMLSchema-instance">
  <leader>00000npcaa2200241^a^4500</leader>
  <controlfield tag="001">005614571</controlfield>
  <controlfield tag="005">20071024132837.0</controlfield>
  <controlfield tag="008">071023i20012002miu^^^^^^^^^^^^^^^^^eng^d</controlfield>
  <datafield tag="035" ind1=" " ind2=" ">
    <subfield code="a">(OCoLC)176081322</subfield>
  </datafield>
  <datafield tag="035" ind1=" " ind2=" ">
    <subfield code="a">(OCoLC)ocn176081322</subfield>
  </datafield>
  <datafield tag="040" ind1=" " ind2=" ">
    <subfield code="a">BEU</subfield>
    <subfield code="c">BEU</subfield>
    <subfield code="e">dacs</subfield>
  </datafield>
  <datafield tag="049" ind1=" " ind2=" ">
    <subfield code="a">BEUA</subfield>
  </datafield>
  <datafield tag="245" ind1="0" ind2="0">
    <subfield code="a">University of Michigan response to September 11, 2001 terrorist attacks,</subfield>
    <subfield code="f">2001-2002.</subfield>
  </datafield>
  <datafield tag="300" ind1=" " ind2=" ">
    <subfield code="a">0.3 linear feet.</subfield>
  </datafield>
  <datafield tag="546" ind1=" " ind2=" ">
    <subfield code="a">In English.</subfield>
  </datafield>
  <datafield tag="520" ind1="2" ind2=" ">
    <subfield code="a">Material collected from various sources relating to the campus reponse and reaction to the September 11, 2001 terrorist attacks. Includes copies of campus publications, programs, tributes, information on alumni killed in the attacks, and printouts of e-mail and websites, also some material from the one year anniversary.</subfield>
  </datafield>
  <datafield tag="506" ind1=" " ind2=" ">
    <subfield code="a">The collection is open for research use.</subfield>
  </datafield>
  <datafield tag="500" ind1=" " ind2=" ">
    <subfield code="a">Donor: 1991</subfield>
  </datafield>
  <datafield tag="650" ind1=" " ind2="0">
    <subfield code="a">September 11 Terrorist Attacks, 2001.</subfield>
  </datafield>
  <datafield tag="650" ind1=" " ind2="0">
    <subfield code="a">Terrorism</subfield>
    <subfield code="z">United States.</subfield>
  </datafield>
  <datafield tag="852" ind1="8" ind2=" ">
    <subfield code="a">MiU-H</subfield>
    <subfield code="b">BENT</subfield>
    <subfield code="h">07128 Bimu 2</subfield>
  </datafield>
  <datafield tag="997" ind1=" " ind2=" ">
    <subfield code="a">MARS</subfield>
  </datafield>
  <datafield tag="998" ind1=" " ind2=" ">
    <subfield code="c">BAW</subfield>
  </datafield>
  <datafield tag="955" ind1=" " ind2=" ">
    <subfield code="b">BENT</subfield>
    <subfield code="p">B3083785</subfield>
  </datafield>
</record>
